<?xml version="1.0" encoding="UTF-8"?><collection xmlns="http://www.loc.gov/MARC21/slim"><record><leader>00542nam--2200181-i-4500</leader><controlfield tag="001">000024450</controlfield><controlfield tag="002">20161230</controlfield><controlfield tag="005">20161230201035</controlfield><controlfield tag="008">060222s1000------------r-----000-0-eng-d</controlfield><datafield ind1=" " ind2=" " tag="040"><subfield code="a">IFIN-HH</subfield></datafield><datafield ind1=" " ind2=" " tag="080"><subfield code="a">537.525(061.3)</subfield></datafield><datafield ind1="1" ind2=" " tag="110"><subfield code="a">The Institution Of Electrical Engineers</subfield></datafield><datafield ind1="1" ind2="0" tag="245"><subfield code="a">Gas discharges</subfield><subfield code="b">Second international conference on gas discharges 11-15 september 1972</subfield></datafield><datafield ind1=" " ind2=" " tag="260"><subfield code="a">London</subfield><subfield code="b">Iee</subfield><subfield code="c">1972</subfield></datafield><datafield ind1=" " ind2=" " tag="300"><subfield code="a">XXV + 405P</subfield></datafield><datafield ind1=" " ind2=" " tag="490"><subfield code="a">Conference Publication</subfield><subfield code="v">Number 90</subfield></datafield><datafield ind1=" " ind2=" " tag="852"><subfield code="a">77231</subfield><subfield code="c">537.52</subfield></datafield><datafield ind1=" " ind2=" " tag="CAT"><subfield code="a">Sys</subfield><subfield code="c">20110805</subfield><subfield code="h">093437</subfield></datafield></record></collection>